<record><leader>00000cas a2200000 a 4500</leader><controlfield tag="001">15876875</controlfield><controlfield tag="008">870610d196019uuiluwr ne      0   a0eng c</controlfield><datafield ind1=" " ind2=" " tag="010"><subfield code="a">sn 87082798 </subfield></datafield><datafield ind1=" " ind2=" " tag="040"><subfield code="a">NPV</subfield><subfield code="b">eng</subfield><subfield code="c">NPV</subfield><subfield code="d">NVF</subfield><subfield code="d">OCLCF</subfield><subfield code="d">NVF</subfield><subfield code="d">OCLCO</subfield></datafield><datafield ind1="1" ind2=" " tag="029"><subfield code="a">AU@</subfield><subfield code="b">000020473799</subfield></datafield><datafield ind1=" " ind2=" " tag="042"><subfield code="a">pcc</subfield></datafield><datafield ind1=" " ind2=" " tag="043"><subfield code="a">n-us-il</subfield></datafield><datafield ind1="0" ind2="0" tag="245"><subfield code="a">Kenney, Warrensburg, Latham tri-town news.</subfield></datafield><datafield ind1="1" ind2="0" tag="246"><subfield code="a">Tri-town news</subfield></datafield><datafield ind1="3" ind2=" " tag="246"><subfield code="a">Kenney, Warrensburg, Latham tri town news</subfield></datafield><datafield ind1="3" ind2=" " tag="246"><subfield code="a">Tri town news</subfield></datafield><datafield ind1=" " ind2=" " tag="260"><subfield code="a">Kenney, Ill. :</subfield><subfield code="b">[s.n.],</subfield><subfield code="c">1960-[19--?]</subfield></datafield><datafield ind1=" " ind2=" " tag="300"><subfield code="a">v.</subfield></datafield><datafield ind1=" " ind2=" " tag="310"><subfield code="a">Weekly</subfield></datafield><datafield ind1="0" ind2=" " tag="362"><subfield code="a">Vol. 1, no. 1 (April 14, 1960)-</subfield></datafield><datafield ind1=" " ind2=" " tag="588"><subfield code="a">Latest issue consulted: Vol. 1, no. 1 (April 14, 1960).</subfield></datafield><datafield ind1=" " ind2="0" tag="651"><subfield code="a">Kenney (Ill.)</subfield><subfield code="v">Newspapers.</subfield></datafield><datafield ind1=" " ind2="0" tag="651"><subfield code="a">Warrensburg (Ill.)</subfield><subfield code="v">Newspapers.</subfield></datafield><datafield ind1=" " ind2="0" tag="651"><subfield code="a">Latham (Ill.)</subfield><subfield code="v">Newspapers.</subfield></datafield><datafield ind1=" " ind2="0" tag="651"><subfield code="a">Chestnut (Ill.)</subfield><subfield code="v">Newspapers.</subfield></datafield><datafield ind1=" " ind2="0" tag="651"><subfield code="a">Beason (Ill.)</subfield><subfield code="v">Newspapers.</subfield></datafield><datafield ind1=" " ind2="0" tag="651"><subfield code="a">Hallsville (Ill.)</subfield><subfield code="v">Newspapers.</subfield></datafield><datafield ind1=" " ind2="7" tag="651"><subfield code="a">Illinois</subfield><subfield code="z">Beason.</subfield><subfield code="2">fast</subfield><subfield code="0">(OCoLC)fst01887462</subfield></datafield><datafield ind1=" " ind2="7" tag="651"><subfield code="a">Illinois</subfield><subfield code="z">Chestnut.</subfield><subfield code="2">fast</subfield><subfield code="0">(OCoLC)fst01883514</subfield></datafield><datafield ind1=" " ind2="7" tag="651"><subfield code="a">Illinois</subfield><subfield code="z">Hallsville.</subfield><subfield code="2">fast</subfield><subfield code="0">(OCoLC)fst01887463</subfield></datafield><datafield ind1=" " ind2="7" tag="651"><subfield code="a">Illinois</subfield><subfield code="z">Kenney.</subfield><subfield code="2">fast</subfield><subfield code="0">(OCoLC)fst01875366</subfield></datafield><datafield ind1=" " ind2="7" tag="651"><subfield code="a">Illinois</subfield><subfield code="z">Latham.</subfield><subfield code="2">fast</subfield><subfield code="0">(OCoLC)fst01883515</subfield></datafield><datafield ind1=" " ind2="7" tag="651"><subfield code="a">Illinois</subfield><subfield code="z">Warrensburg.</subfield><subfield code="2">fast</subfield><subfield code="0">(OCoLC)fst01227577</subfield></datafield><datafield ind1=" " ind2="7" tag="655"><subfield code="a">Newspapers.</subfield><subfield code="2">fast</subfield><subfield code="0">(OCoLC)fst01423814</subfield></datafield><datafield ind1=" " ind2=" " tag="752"><subfield code="a">United States</subfield><subfield code="b">Illinois</subfield><subfield code="c">De Witt</subfield><subfield code="d">Kenney.</subfield></datafield></record>